@Book{odersky_scala,
  author = {Martin Odersky},
  title = {Programming in Scala},
  year = {2007},
}

@Book{dsls_in_action,
  author = {Debasish Ghosh},
  title = {DSLs in Action, rozd. 8},
  year = {2011},
}

@Docs{Mustache,
  title = {Dokumentacja projektu Mustache \\ 
          \href{http://mustache.github.com/mustache.5.html}{http://mustache.github.com/mustache.5.html}},
  url = {http://mustache.github.com/mustache.5.html},
  year = {2012}
}

@Docs{JavaDoc,
  title = {Strona domowa i dokumentacja narzedzia Oracle JavaDoc \\ 
           \href{http://bit.ly/javadochome}{http://bit.ly/javadochome}},
  url = {http://bit.ly/javadochome},
  year = {2012}
}

@Docs{Maven,
  title = {Strona domowa oraz dokumentacja narzedzia Apache Maven \\ 
           \href{http://maven.apache.org}{http://maven.apache.org}},
  year = {2012}
}

@Docs{Bison,
  title={GNU Bison - Strona domowa projektu: \\ \href{http://www.gnu.org/software/bison}{http://www.gnu.org/software/bison}},
  year = {2011}
}

@Docs{Antlr,
  title = {ANTLR - Strona domowa projektu: \href{http://www.antlr.org/}{http://www.antlr.org/}},
  year = {2011}
}

@Docs{Scalate,
  title = {Scalate - strona domowa projektu: \href{http://scalate.fusesource.org/}{http://scalate.fusesource.org/}},
  year = {2012}
}

@Docs{ScalaTest,
  title = {Strona domowa oraz dokumentacja biblioteki ScalaTest \\ 
           \href{http://www.scalatest.org/}{http://www.scalatest.org/}},
  year = {2012}
}

@Docs{Thrift,
  title = {Strona domowa oraz dokumentacja projektu Apache Thrift \\ \href{http://thrift.apache.org}{http://thrift.apache.org}},
  year = {2012}
}

@Talk{OderskyWywiad,
  title = {Wywiad z na temat korzeni jezyka Scala \\  
           \href{http://www.artima.com/scalazine/articles/origins_of_scala.html}{www.artima.com/.../origins\_of\_scala}},
  author = {Martin Odersky, Bill Venners, Frank Sommers}
  year = {2009}
}

@Blog{jaxrs,
  title={Using JAX-RS with Protocol Buffers for high-performance REST APIs \\ 
        \href{http://www.javarants.com/2008/12/27/using-jax-rs-with-protocol-buffers-for-high-performance-rest-apis}{http://www.javarants.com/2008/12/27}},
  author={Sam Pullara},
  year={2008},
  link={http://www.javarants.com/2008/12/27/using-jax-rs-with-protocol-buffers-for-high-performance-rest-apis}
}

@Benchmark{JVMSerializers,
  author = {Eishay Smith},
  year = {2011},
  title = {JVM Serializers benchmark \\ \href{https://github.com/eishay/jvm-serializers}{https://github.com/eishay/jvm-serializers}},
  url = {https://github.com/eishay/jvm-serializers}
}

@License{BSDLicense,
  title = {New BSD License, znana rowniez jako 2-clause BSD license  
          \\ \href{http://www.opensource.org/licenses/bsd-license.php}{http://www.opensource.org/licenses/bsd-license.php}},
  year = {2012}
}

@License{ApacheLicense,
  title = {Apache 2.0 License \\ \href{http://www.apache.org/licenses/LICENSE-2.0}{http://www.apache.org/licenses/LICENSE-2.0}},
  year = {2012}
}

@Docmentation{protobuf,
  year = {2011},
  author = {Google},
  title = {Dokumentacja Google Protocol Buffers \\ 
          \href{http://code.google.com/intl/pl-PL/apis/protocolbuffers}{http://code.google.com/intl/pl-PL/apis/protocolbuffers}},
  url = {http://code.google.com/intl/pl-PL/apis/protocolbuffers/docs/overview.html}
}

@Book{monadparsing,
  author = {Graham Hutton, Erik Meijer},
  title = {Monadic Parser Combinators},
  year = {1996},
}

@Manual{scala_colors_latex,
  title = {Scala syntax for LaTeX lstlistings},
  url = {http://lampsvn.epfl.ch/trac/scala/browser/scala-tool-support/trunk/src/latex/scaladoc.sty}
}

@Book{symfonia,
  title = {Symfonia C ++ Standard},
  author = {Jerzy Grebosz},
  year = {2008},
}


@Book{Lam92,
author = {Lamport, L.},
title = {LaTeX system przygotowywania dokumentów},
publisher = {Wydawnictwo Ariel},
year = {1992},
address = {Krakow}
}

@Book{Dil00,
author = {Diller, A.},
title = {LaTeX wiersz po wierszu},
publisher = {Wydawnictwo Helion},
year = {2000},
address = {Gliwice}
}

@Manual{ARM06,
title = {Ada Reference Manual {ISO}/{IEC} 8652:200y({E}) {E}d. 3},
organization = {Ada Europe},
year = {2006}
}

@Article{BuDo03,
author = {Burns, A. and Dobbing, B.},
title = {The {R}avenscar {P}rofile for Real--Time and High Integrity Systems},
journal = {Cross{T}alk},
year = {2003},
volume = {16},
number = {11},
pages = {9-12}
}



@InProceedings{PeDa04,
author = {Peleska, J. and Große, D. and Haxthausen, A. E. and Drechsler, R.},
title = {Automated Verification for Train Control Systems},
booktitle = {Proc. of the 5th Symposium on Formal Methods for Automation and Safety in Railway and Automotive Systems (FORMS/FORMAT 2004)},
year = {2004},
pages = {252-265},
address = {Braunschweig, Germany},
month = {December}
}

@TechReport{BuDoVa03,
author = {Burns, A. and Dobbing, B. and Vardanega, T.},
title = {Guide for the Use of the Ada Ravenscar Profile in High Integrity Systems},
institution = {University of York},
year = {2003},
number = {YCS-2003-348}
}



@manual{Alvis2011,
	organization = {AGH University of Science and Technology},
	year = {2011},
	title = {{On Line Alvis Manual}},
	note = {\\\texttt{http://fm.ia.agh.edu.pl/alvis:manual}},
	author = {Szpyrka, M.}
}
